<?xml version="1.0" encoding="UTF-8"?><collection xmlns="http://www.loc.gov/MARC21/slim"><record><leader>00436nam--2200133-i-4500</leader><controlfield tag="001">000023329</controlfield><controlfield tag="002">20161230</controlfield><controlfield tag="005">20161230201035</controlfield><controlfield tag="008">060222s1000------------r-----000-0-eng-d</controlfield><datafield ind1=" " ind2=" " tag="080"><subfield code="a">530.145(047.1)</subfield></datafield><datafield ind1=" " ind2=" " tag="100"><subfield code="a">Jacobs, D.And Lambert, F</subfield></datafield><datafield ind1=" " ind2=" " tag="245"><subfield code="a">Pade approximation of the nucleon propagator and the calculation of the   resonances</subfield></datafield><datafield ind1=" " ind2=" " tag="260"><subfield code="a">Brussels, Theoretische Natuukunde, Vrije Universiteit Brussel, /1972/, 24 P</subfield></datafield><datafield ind1=" " ind2=" " tag="852"><subfield code="a">39463</subfield></datafield></record></collection>